
@inproceedings{nenkova2005automatic,
      title={Automatic text summarization of newswire: Lessons learned from the document understanding conference},
        author={Nenkova, Ani},
          booktitle={AAAI},
            volume={5},
              pages={1436--1441},
                year={2005}
}

@article{arora2016simple,
      title={A simple but tough-to-beat baseline for sentence embeddings},
        author={Arora, Sanjeev and Liang, Yingyu and Ma, Tengyu},
          year={2016}
}


@article{wieting2017revisiting,
      title={Revisiting recurrent networks for paraphrastic sentence embeddings},
        author={Wieting, John and Gimpel, Kevin},
          journal={arXiv preprint arXiv:1705.00364},
            year={2017}
}

@article{wieting2015towards,
      title={Towards universal paraphrastic sentence embeddings},
        author={Wieting, John and Bansal, Mohit and Gimpel, Kevin and Livescu, Karen},
          journal={arXiv preprint arXiv:1511.08198},
            year={2015}
}


@inproceedings{glorot2010understanding,
      title={Understanding the difficulty of training deep feedforward neural networks},
        author={Glorot, Xavier and Bengio, Yoshua},
          booktitle={Proceedings of the thirteenth international conference on artificial intelligence and statistics},
            pages={249--256},
              year={2010}
}


@article{kingma2014adam,
      title={Adam: A method for stochastic optimization},
        author={Kingma, Diederik P and Ba, Jimmy},
          journal={arXiv preprint arXiv:1412.6980},
            year={2014}
}

@inproceedings{pennington2014glove,
      title={Glove: Global vectors for word representation},
        author={Pennington, Jeffrey and Socher, Richard and Manning, Christopher},
          booktitle={Proceedings of the 2014 conference on empirical methods in natural language processing (EMNLP)},
            pages={1532--1543},
              year={2014}
}


@article{over2002introduction,
      title={Introduction to duc: An intrinsic evaluation of generic news text summarization systems},
        author={Over, Paul and Liggett, Walter},
          journal={Proc. DUC. http://wwwnlpir. nist. gov/projects/duc/guidelines/2002. html},
            year={2002}
}


@article{sandhaus2008new,
      title={The new york times annotated corpus},
        author={Sandhaus, Evan},
          journal={Linguistic Data Consortium, Philadelphia},
            volume={6},
              number={12},
                pages={e26752},
                  year={2008}
}


@article{see2017get,
      title={Get to the point: Summarization with pointer-generator networks},
        author={See, Abigail and Liu, Peter J and Manning, Christopher D},
          journal={arXiv preprint arXiv:1704.04368},
            year={2017}
}


@article{bahdanau2014neural,
      title={Neural machine translation by jointly learning to align and translate},
        author={Bahdanau, Dzmitry and Cho, Kyunghyun and Bengio, Yoshua},
          journal={arXiv preprint arXiv:1409.0473},
            year={2014}
}


@article{kim2014convolutional,
      title={Convolutional neural networks for sentence classification},
        author={Kim, Yoon},
          journal={arXiv preprint arXiv:1408.5882},
            year={2014}
}


@article{chung2014empirical,
      title={Empirical evaluation of gated recurrent neural networks on sequence modeling},
        author={Chung, Junyoung and Gulcehre, Caglar and Cho, KyungHyun and Bengio, Yoshua},
          journal={arXiv preprint arXiv:1412.3555},
            year={2014}
}

@inproceedings{hong2014improving,
  title={Improving the estimation of word importance for news multi-document summarization},
  author={Hong, Kai and Nenkova, Ani},
  booktitle={Proceedings of the 14th Conference of the European Chapter of the Association for Computational Linguistics},
  pages={712--721},
  year={2014}
}

@article{gatt2018survey,
  title={Survey of the State of the Art in Natural Language Generation: Core tasks, applications and evaluation},
  author={Gatt, Albert and Krahmer, Emiel},
  journal={Journal of Artificial Intelligence Research},
  volume={61},
  pages={65--170},
  year={2018}
}


@inproceedings{nallapati2017summarunner,
  title={SummaRuNNer: A Recurrent Neural Network Based Sequence Model for Extractive Summarization of Documents.},
  author={Nallapati, Ramesh and Zhai, Feifei and Zhou, Bowen},
  booktitle={AAAI},
  pages={3075--3081},
  year={2017}
}

@article{cheng2016neural,
  title={Neural summarization by extracting sentences and words},
  author={Cheng, Jianpeng and Lapata, Mirella},
  journal={arXiv preprint arXiv:1603.07252},
  year={2016}
}


@article{erkan2004lexrank,
  title={Lexrank: Graph-based lexical centrality as salience in text summarization},
  author={Erkan, G{\"u}nes and Radev, Dragomir R},
  journal={journal of artificial intelligence research},
  volume={22},
  pages={457--479},
  year={2004}
}

@inproceedings{nips15_hermann,
author = {Karl Moritz Hermann and Tom\'a\v{s} Ko\v{c}isk\'y and Edward Grefenstette and Lasse Espeholt and Will Kay and Mustafa Suleyman and Phil Blunsom},
title = {Teaching Machines to Read and Comprehend},
url = {http://arxiv.org/abs/1506.03340},
booktitle = "Advances in Neural Information Processing Systems (NIPS)",
year = "2015",
}
@inproceedings{mihalcea2005language,
  title={A language independent algorithm for single and multiple document summarization},
  author={Mihalcea, Rada and Tarau, Paul},
  booktitle={Companion Volume to the Proceedings of Conference including Posters/Demos and tutorial abstracts},
  year={2005}
}

@inproceedings{wan2010towards,
  title={Towards a unified approach to simultaneous single-document and multi-document summarizations},
  author={Wan, Xiaojun},
  booktitle={Proceedings of the 23rd international conference on computational linguistics},
  pages={1137--1145},
  year={2010},
  organization={Association for Computational Linguistics}
}

@article{yasunaga2017graph,
  title={Graph-based Neural Multi-Document Summarization},
  author={Yasunaga, Michihiro and Zhang, Rui and Meelu, Kshitijh and Pareek, Ayush and Srinivasan, Krishnan and Radev, Dragomir},
  journal={arXiv preprint arXiv:1706.06681},
  year={2017}
}

@article{durrett2016learning,
  title={Learning-based single-document summarization with compression and anaphoricity constraints},
  author={Durrett, Greg and Berg-Kirkpatrick, Taylor and Klein, Dan},
  journal={arXiv preprint arXiv:1603.08887},
  year={2016}
}

@inproceedings{berg2011jointly,
  title={Jointly learning to extract and compress},
  author={Berg-Kirkpatrick, Taylor and Gillick, Dan and Klein, Dan},
  booktitle={Proceedings of the 49th Annual Meeting of the Association for Computational Linguistics: Human Language Technologies-Volume 1},
  pages={481--490},
  year={2011},
  organization={Association for Computational Linguistics}
}

@inproceedings{sipos2012large,
  title={Large-margin learning of submodular summarization models},
  author={Sipos, Ruben and Shivaswamy, Pannaga and Joachims, Thorsten},
  booktitle={Proceedings of the 13th Conference of the European Chapter of the Association for Computational Linguistics},
  pages={224--233},
  year={2012},
  organization={Association for Computational Linguistics}
}


@inproceedings{ouyang2017crowd,
  title={Crowd-Sourced Iterative Annotation for Narrative Summarization Corpora},
  author={Ouyang, Jessica and Chang, Serina and McKeown, Kathy},
  booktitle={Proceedings of the 15th Conference of the European Chapter of the Association for Computational Linguistics: Volume 2, Short Papers},
  volume={2},
  pages={46--51},
  year={2017}
}

@inproceedings{gillick2009global,
  title={A global optimization framework for meeting summarization},
  author={Gillick, Dan and Riedhammer, Korbinian and Favre, Benoit and Hakkani-Tur, Dilek},
  booktitle={Acoustics, Speech and Signal Processing, 2009. ICASSP 2009. IEEE International Conference on},
  pages={4769--4772},
  year={2009},
  organization={IEEE}
}

@article{mishra2014text,
  title={Text summarization in the biomedical domain: a systematic review of recent research},
  author={Mishra, Rashmi and Bian, Jiantao and Fiszman, Marcelo and Weir, Charlene R and Jonnalagadda, Siddhartha and Mostafa, Javed and Del Fiol, Guilherme},
  journal={Journal of biomedical informatics},
  volume={52},
  pages={457--467},
  year={2014},
  publisher={Elsevier}
}

@inproceedings{carletta2005ami,
  title={The AMI meeting corpus: A pre-announcement},
  author={Carletta, Jean and Ashby, Simone and Bourban, Sebastien and Flynn, Mike and Guillemot, Mael and Hain, Thomas and Kadlec, Jaroslav and Karaiskos, Vasilis and Kraaij, Wessel and Kronenthal, Melissa and others},
  booktitle={International Workshop on Machine Learning for Multimodal Interaction},
  pages={28--39},
  year={2005},
  organization={Springer}
}

@inproceedings{chen2016thorough,
    title={A Thorough Examination of the {CNN/Daily Mail} Reading Comprehension Task},
    author={Chen, Danqi and Bolton, Jason and Manning, Christopher D.},
    booktitle={Association for Computational Linguistics (ACL)},
    year={2016}
  }

@article{jia2017adversarial,
  title={Adversarial examples for evaluating reading comprehension systems},
  author={Jia, Robin and Liang, Percy},
  journal={arXiv preprint arXiv:1707.07328},
  year={2017}
}

@misc{gururangan2018annotation,
Author = {Suchin Gururangan and Swabha Swayamdipta and Omer Levy and Roy Schwartz and Samuel R. Bowman and Noah A. Smith},
Title = {Annotation Artifacts in Natural Language Inference Data},
Year = {2018},
Eprint = {arXiv:1803.02324},
}


@article{lin2004rouge,
  title={Rouge: A package for automatic evaluation of summaries},
  author={Lin, Chin-Yew},
  journal={Text Summarization Branches Out},
  year={2004}
}

@InProceedings{denkowski:lavie:meteor-wmt:2014,
  author    = {Michael Denkowski and Alon Lavie},
  title     = {Meteor Universal: Language Specific Translation Evaluation for Any Target Language},
  booktitle = {Proceedings of the EACL 2014 Workshop on Statistical Machine Translation},
  year      = {2014},
}





@book{Aho:72,
    author  = {Alfred V. Aho and Jeffrey D. Ullman},
    title   = {The Theory of Parsing, Translation and Compiling},
    year    = "1972",
    volume  = "1",
    publisher = {Prentice-Hall},
    address = {Englewood Cliffs, NJ}
}

@book{APA:83,
    author  = {{American Psychological Association}},
    title   = {Publications Manual},
    year    = "1983",
   publisher = {American Psychological Association},
   address = {Washington, DC}
}

@article{ACM:83,
	author = {Association for Computing Machinery},
	year = "1983",
	journal = {Computing Reviews},
	volume = "24",
	number = "11",
	pages = "503--512"
}

@article{Chandra:81,
	author = {Ashok K. Chandra and Dexter C. Kozen and Larry J. Stockmeyer},
	year = "1981",
	title = {Alternation},
	journal = {Journal of the Association for Computing Machinery},
	volume = "28",
	number = "1",
	pages = "114--133",
	doi = "10.1145/322234.322243",
}

@inproceedings{andrew2007scalable,
  title={Scalable training of {L1}-regularized log-linear models},
  author={Andrew, Galen and Gao, Jianfeng},
  booktitle={Proceedings of the 24th International Conference on Machine Learning},
  pages={33--40},
  year={2007},
}

@book{Gusfield:97,
    author  = {Dan Gusfield},
    title   = {Algorithms on Strings, Trees and Sequences},
    year    = "1997",
    publisher = {Cambridge University Press},
    address = {Cambridge, UK}
}

@inproceedings{borsch2011,
	Address = {Canberra, Australia},
	Author = {Benjamin Borschinger and Mark Johnson},
	Booktitle = {Proceedings of the Australasian Language Technology Association Workshop 2011},
	Month = {December},
	Pages = {10--18},
	Title = {A Particle Filter algorithm for {B}ayesian Wordsegmentation},
	Year = {2011}}

@article{rasooli-tetrault-2015,
    author    = {Mohammad Sadegh Rasooli and Joel R. Tetreault},
    title     = {Yara Parser: {A} Fast and Accurate Dependency Parser},
    journal   = {Computing Research Repository},
    volume    = {arXiv:1503.06733},
    year      = {2015},
    url       = {http://arxiv.org/abs/1503.06733},
    note    = {version 2}
}

@article{Ando2005,
	Acmid = {1194905},
	Author = {Ando, Rie Kubota and Zhang, Tong},
	Issn = {1532-4435},
	Issue_Date = {12/1/2005},
	Journal = {Journal of Machine Learning Research},
	Month = dec,
	Numpages = {37},
	Pages = {1817--1853},
	Publisher = {JMLR.org},
	Title = {A Framework for Learning Predictive Structures from Multiple Tasks and Unlabeled Data},
	Volume = {6},
	Year = {2005}}

@InProceedings{P16-1001,
  author =	"Goodman, James
  	 and Vlachos, Andreas
	     and Naradowsky, Jason",
  title =    "Noise reduction and targeted exploration in imitation learning for      Abstract Meaning Representation parsing    ",
  booktitle = 	    "Proceedings of the 54th Annual Meeting of the Association for      Computational Linguistics (Volume 1: Long Papers)    ",
  year =    "2016",
  publisher =	"Association for Computational Linguistics",
  pages =   "1--11",
  location =	"Berlin, Germany",
  doi =    "10.18653/v1/P16-1001",
  url =    "http://aclweb.org/anthology/P16-1001"
}

@InProceedings{C14-1001,
  author =	"Harper, Mary",
  title = 	"Learning from 26 Languages: Program Management and Science in the {B}abel Program",
  booktitle = 	"Proceedings of COLING 2014, the 25th International Conference on Computational Linguistics: Technical Papers",
  year =    "2014",
  publisher =	"Dublin City University and Association for Computational Linguistics",
  pages =   "1",
  location =	"Dublin, Ireland",
  url =    "http://aclweb.org/anthology/C14-1001"
}
